@Article{Ramakrishnan02, 
  author = "N. Ramakrishnan and L. T. Watson and D. G. Kafura and C. J. Ribbens and C. A. Shaffer", 
  title = "Programming environments for multidisciplinary Grid communities", 
  journal = "Concurrency and Computation: Practice and Experience", 
  year = 2002, 
  number = 14, 
  language = "english" 
}
